

% ARTICLE{,
% author    ="{}",
% title ="", 
% journal ={}, 
% volume    ={}, 
% number  ={}, 
% pages ={}, 
% year  ="" } 
 

%===============================================================================
%					DEFINITIONS
%===============================================================================
 
@STRING( molPhys = "Molecular Physics" ) 
@STRING( physRevE = "Physical Review E" ) 
@STRING( physRevA = "Physical Review A" ) 
@STRING( physRevLett = "Physical Review Letters" ) 
@STRING( physLett = "Physics Letters" ) 
@STRING( jChemPhys = "Journal of Chemical Physics" ) 
@STRING( chemPhysLett = "Chemical Physics Letters" ) 
@STRING( jPhysChem = "Journal of Physical Chemistry" ) 
@STRING( liqCryst = "Liquid Crystals" ) 
@STRING( jPhys	= "Le Journal de Physique")
@STRING( jPhysLett = "Le Journal de Physique Lettres")
@STRING( molCrystLiqCryst = "Molecular Crystals Liquid Crystals")
@STRING( jApplPhys = "Journal of Applied Physics")
@STRING( jPhysCondMatt = "Journal of Physics : Condensed Matter")
@STRING( jCompPhys = "Journal of Computational Physics")
@STRING( jMatChem = "Journal of Materials Chemistry")

%===============================================================================
%			LIQUID CRYSTALS AND APPLICATIONS
%===============================================================================

@ARTICLE{Reinitzer88, 
author  ="{F. Reinitzer}", 
title	="{Beitrage zur kenntniss des cholesterins}",
journal ={Monatshefte fur Chemie}, 
volume  ={9}, 
pages   ={421-441}, 
year    ="1888" } 


@ARTICLE{Lehmann89, 
author  ="{O. Lehmann}", 
title	="{}",
journal ={Zeitshrift fur Physical Chemie}, 
volume  ={4}, 
pages   ={462}, 
year    ="1889" } 


@ARTICLE{Shanks82, 
author  ="{I.A. Shanks}", 
title	="{The physics and display applications of liquid crystals}",
journal ={Contemporary Physics}, 
volume  ={23}, 
pages   ={65}, 
year    ="1982" } 

@ARTICLE{Eidenschink85, 
author  ="{R. Eidenschink}", 
title	="{New developments in liquid crystal materials}",
journal ={}#molCrystLiqCryst, 
volume  ={123}, 
pages   ={57}, 
year    ="1985" } 


@ARTICLE{Eidenschink89, 
author  ="{R. Eidenschink}", 
title	="{Liquid Crystals - new compounds, new applications}",
journal ={Angew. Chem. Ind. Ed. Engl. Adv. Matter.}, 
volume  ={28}, 
pages   ={1424}, 
year    ="1989" } 


@ARTICLE{KreuzerTschudi92, 
author  ="{M. Kreuzer, T. Tschudi and R. Eidenschink}", 
title	="{Erasable optical storage in bistable liquid crystal cells}",
journal ={}#molCrystLiqCryst, 
volume  ={223}, 
pages   ={219}, 
year    ="1992" } 

@ARTICLE{Geelhaar98, 
author  ="{T. Geelhaar}", 
title	="{Liquid crystals for display applications}",
journal ={}#liqCryst, 
volume  ={24}, 
pages   ={91}, 
year    ="1998" } 

@ARTICLE{KimYoneya02, 
author  ="{J-H Kim, M. Yoneya and H. Yokoyama}", 
title	="{Tristable nematic liquid-crystal device using micropatterened surface alignment}",
journal ={Nature}, 
volume  ={420}, 
pages   ={159}, 
year    ="2002" } 

@ARTICLE{Eidenschink88, 
author  ="{R. Eidenschink}", 
title	="{Liquid crystals in variable friction devices}",
journal ={Angew. Chem. Ind. Ed. Engl. Adv. Matter.}, 
volume  ={27},
pages   ={1579}, 
year    ="1988" } 


@ARTICLE{Eidenschink89a, 
author  ="{R. Eidenschink}", 
title	="{Eine neue anwendung flussiger kristalle in der Tribologie}",
journal ={}#liqCryst, 
volume  ={5}, 
pages   ={1517}, 
year    ="1989" } 


@ARTICLE{EidenschinkKonrath99, 
author  ="{R. Eidenschink}", 
title	="{Unusual lift by shearing mesogenic fluids}",
journal ={}#molCrystLiqCryst, 
volume  ={330}, 
pages   ={327}, 
year    ="1999" } 



@ARTICLE{Goodby98, 
author  ="{J.W. Goodby}", 
title	="{Liquid crystals and life}",
journal ={}#liqCryst, 
volume  ={24}, 
pages   ={25}, 
year    ="1998" } 

@ARTICLE{GiocondoLelidis99, 
author  ="{M. Giocondo, I. Lelidis, I. Dozov and G. Durand}", 
title	="{Write and erase mechanism of surface controlled bistable nematic pixel}",
journal ={The European Physical Journal Applied Physics}, 
volume  ={5}, 
pages   ={227}, 
year    ="1999" } 


@ARTICLE{ZazadzinskiMeyer86, 
author  ="{J.A.N. Zazadzinski and R.B. Meyer}", 
title	="{Molecular imaging of tobacco virus lyotropic nematic phases}",
journal ={}#physRevLett, 
volume  ={56}, 
pages   ={636}, 
year    ="1986" } 



@ARTICLE{DogicFraden97, 
author  ="{Z. Dogic and S. Fraden}", 
title	="{Smectic phase in a colloidal suspension of semiflexible virus particles}",
journal ={}#physRevLett, 
volume  ={78}, 
pages   ={2417}, 
year    ="1997" }


%===============================================================================
%			FLEXOELECTRICITY
%===============================================================================

@ARTICLE{Meyer69, 
author  ="{R.B. Meyer}", 
title	="Piezoelectric effects in liquid crystals",
journal ={}#physRevLett, 
volume  ={22}, 
pages   ={918}, 
year    ="1969" } 


@ARTICLE{DerzhanskiPetrov71a, 
author  ="{A. Derzhanski and A.G. Petrov}", 
title	="A possible relationship between the dielectric permeability and the 
piezoelectric properties of nematic liquid crystals",
journal ={}#physLett, 
volume  ={34A}, 
pages   ={427}, 
year    ="1971" } 

@ARTICLE{DerzhanskiPetrov71b, 
author  ="{A. Derzhanski and A.G. Petrov}", 
title	="A molecular-statistical approach to the piezoelectric properties of 
nematic liquid crystals",
journal ={}#physLett, 
volume  ={36A}, 
pages   ={483}, 
year    ="1971" } 

@ARTICLE{Helfrich71, 
author  ="{W. Helfrich}", 
title	="The strengh of piezoelectricity in liquid crystals",
journal ={Zeitshrift fur Naturforschung}, 
volume  ={26A}, 
pages   ={833}, 
year    ="1971" } 

@ARTICLE{Helfrich74, 
author  ="{W. Helfrich}",
title	="{Inherent bounds to the elasticity and flexoelectricity of liquid crystals}", 
journal ={Mol. Cryst.}, 
volume  ={26}, 
pages   ={1}, 
year    ="1974" } 

@ARTICLE{ProstPershan76, 
author  ="{J. Prost and P.S. Pershan}", 
title	= "{Flexoelectricity in nematic and smectic-A liquid crystals}",
journal ={}#jApplPhys, 
volume  ={47}, 
pages   ={2298}, 
year    ="1976" } 

@ARTICLE{ProstMarcerou77, 
author  ="{J. Prost and J.P. Marcerou}", 
title	= "On the microscopic interpretation of flexoelectricity",
journal ={}#jPhys, 
volume  ={38}, 
pages   ={315}, 
year    ="1977" } 

@ARTICLE{ProstMarcerou78a, 
author  ="{J.P. Marcerou and J. Prost}", 
title	= "Relaxational behavior of flexoelectricity",
journal ={Annales de Physique}, 
volume  ={V.3}, 
pages   ={269}, 
year    ="1978" } 


@ARTICLE{ProstMarcerou78b, 
author  ="{J.P. Marcerou and J. Prost}", 
title	= "Flexolectricity in isotropic phases",
journal ={}#physLett, 
volume  ={66A}, 
pages   ={218}, 
year    ="1978" } 

@ARTICLE{MarcerouProst80, 
author  ="{J.P. Mearcerou and J. Prost}", 
title	= "The different aspects of Flexoelectricity in nematics",
journal ={}#molCrystLiqCryst, 
volume  ={58}, 
pages   ={259}, 
year    ="1980" } 


@ARTICLE{DozovMartinotLagarde83,
author  ="{I. Dozov, P. Martinot-Lagarde and G. Durant}", 
title	= "Conformational flexoelectricity in nematic liquid crystals",
journal ={}#jPhysLett, 
volume  ={44}, 
pages   ={L817}, 
year    ="1983" } 


@ARTICLE{Straley76, 
author  ="{J.P. Straley}", 
title	= "{Theory of piezoelectricity in nematic liquid crystals and of the cholesteric
ordering}",
journal ={}#physRevA, 
volume  ={A14}, 
pages   ={1835}, 
year    ="1976" } 


@ARTICLE{Osipov83, 
author  ="{M.A. Osipov}", 
title	= "Molecular theory of flexoelectric effect in nematic liquid crystals",
journal ={Soviet Physics JETP}, 
volume  ={58}, 
pages   ={6}, 
year    ="1983" } 


@ARTICLE{Osipov84, 
author  ="{M.A. Osipov}", 
title	= "The order parameter dependence of the flexoelectric coefficients in nematic liquid
crystals",
journal ={}#jPhysLett, 
volume  ={45}, 
pages   ={L823}, 
year    ="1984" } 

@ARTICLE{SinghSingh89, 
author  ="{Y. Singh and U.P. Singh}", 
title	= "Density-functional theory of the flexoelectric effect in nematic liquids",
journal ={}#physRevA, 
volume  ={39}, 
pages   ={8}, 
year    ="1989" } 



@ARTICLE{MazzullaGiuchi00, 
author  ="{A. Mazzulla, F. Ciuchi and J.R. Sambles}", 
title	= "Optical determination of flexoelectric coefficients and surface polarization in a 
hybrid aligned nematic cell",
journal ={}#physRevE, 
volume  ={64}, 
pages   ={021708}, 
year    ="2000" } 

@ARTICLE{Ferarrini01, 
author  ="{A. Ferrarini}", 
title	= "Shape model for the molecular interpretation of the flexoelectric effect",
journal ={}#physRevE, 
volume  ={64}, 
pages   ={021710}, 
year    ="2001" } 

@ARTICLE{JewellSambles02, 
author  ="{S.A. Jewell and J.R. Sambles}", 
title	= "Fully leaky guided mode study of the flexoelectric effect and surface polarization in
hybrid aligned nematic cells",
journal ={}#jApplPhys, 
volume  ={92}, 
pages   ={19}, 
year    ="2002" } 

@ARTICLE{DavidsonMottram02, 
author  ="{A.J Davidson and N.J. Mottram}", 
title   ="Flexoelectric switching in a bistable nematic device", 
journal ={}#physRevE, 
volume  ={65}, 
pages   ={051710}, 
year    ="2002" 
} 

@ARTICLE{ZBD,
author  ="{G.P. Bryan-Brown, C.V. Brown, I.C. Sage and V.C. Hui}",
title	="{Voltage-dependent anchoring of a nematic liquid crystal on a grating surface}",
journal ={Nature},
volume  ={392},
pages   ={365},
year    ="1998"}

@ARTICLE{DennistonYeomans, 
author  ="{C. Denniston and J.M. Yeomans}", 
title   ="Flexoelectric surface switching of bistable nematic devices", 
journal ={}#physRevE, 
volume  ={87}, 
pages   ={275505-1}, 
year    ="2001" 
} 

@ARTICLE{Blinov98, 
author  ="{L.M. Blinov}", 
title   ="{On the way to polar achiral liquid crystals}", 
journal =""#liqCryst, 
volume  ={24},
pages   ={143}, 
year    ="1998" }

@ARTICLE{WeiPatey92, 
author  ="{D. Wei and G.N. Patey}", 
title   ="{Orientational order in simple dipolar liquids~: computer simulation of a ferroelectric
nematic phase}", 
journal =""#physRevLett, 
volume  ={68}, 
pages   ={2043}, 
year    ="1992" }

@ARTICLE{WeiPatey92a, 
author  ="{D. Wei and G.N. Patey}", 
title   ="Ferroelectric liquid-crystal and solid phases formed by strongly interacting dipolar
soft spheres", 
journal =""#physRevA, 
volume  ={46}, 
pages   ={7783}, 
year    ="1992" }

%===============================================================================
%			THEORY
%===============================================================================

@ARTICLE{MaierSaupe58, 
author  ="{W. Maier and A. Saupe}", 
title   ="{}", 
journal ={Zeitshrift fur Naturforschung},
volume  ={13a}, 
pages   ={564}, 
year    ="1958" 
} 

@ARTICLE{MaierSaupe59, 
author  ="{W. Maier and A. Saupe}", 
title   ="{}", 
journal ={Zeitshrift fur Naturforschung},
volume  ={14a}, 
pages   ={882}, 
year    ="1959" 
} 

@ARTICLE{MaierSaupe60, 
author  ="{W. Maier and A. Saupe}", 
title   ="{}", 
journal ={Zeitshrift fur Naturforschung},
volume  ={15a}, 
pages   ={287}, 
year    ="1960" 
} 

@ARTICLE{HumphriesJames71, 
author  ="{R.L. Humphrries, P.G. James and G.R. Luckhurst}", 
title   ="Molecular field treatement of nematic liquid crystal", 
journal ={Journal of the Chemical Society-Faraday Transactions II},
volume  ={68}, 
pages   ={1031}, 
year    ="1971" 
} 

@ARTICLE{BarkerHenderson76, 
author  ="{J.A. Barker and D. Henderson}", 
title   ="What is liquid ? Understanding the states of matter.", 
journal ={Reviews of modern physics},
volume  ={48}, 
pages   ={587}, 
year    ="1976" 
} 

@ARTICLE{Onsager49, 
author  ="{L. Onsager}", 
title   ="The effects of shape on the interaction of colloidal particles", 
journal ={Annals New York academy of sciences},
volume  ={51}, 
pages   ={627}, 
year    ="1949" 
} 


@ARTICLE{Vega97, 
author  ="{C. Vega}", 
title   ="Virial Coefficients and equation of state of hard ellipsoids", 
journal ={}#molPhys,
volume  ={92}, 
pages   ={651}, 
year    ="1997" 
} 


@ARTICLE{VelascoPadila94, 
author  ="{E. Velasco and P. Padilla}", 
title   ="{Nematic virial coefficients of very long hard molecules and Onsager theory}", 
journal ={}#molPhys,
volume  ={94}, 
pages   ={335}, 
year    ="1998" 
} 

@ARTICLE{TjiptoMargoEvans90, 
author  ="{B. Tjipto-Margo and G.T. Evans}", 
title   ="{The Onsager theory of the isotropic-nematic liquid crystals transition - incorporation
of the higher virial coefficients}", 
journal ={}#jChemPhys, 
volume  ={93}, 
pages   ={4254}, 
year    ="1990" }

@ARTICLE{Parsons79, 
author  ="{J.D. Parsons}", 
title   ="Nematic ordering in a system of rods", 
journal ={}#physRevA, 
volume  ={19}, 
pages   ={1225}, 
year    ="1979" }

@ARTICLE{Williamson95, 
author  ="{D.C. Williamson}", 
title   ="{The isotropic-nematic phase transition : The Onsager theory revisited}", 
journal ={Physica A}, 
volume  ={220}, 
pages   ={139}, 
year    ="1995" }

@ARTICLE{CampAllen96, 
author  ="{P.J. Camp and M.P. Allen}", 
title   ="Hard ellipsoid rod-plate mixtures : Onsager theory and computer simulations", 
journal ={Physica A}, 
volume  ={229}, 
pages   ={410}, 
year    ="1996" }


@ARTICLE{StroobantsLekkerkerker84, 
author  ="{A. Stroobants and N.W. Lekkerkerker}", 
title   ="Liquid crystal phase transitions in a solution of rodlike and disklike particles", 
journal ={}#jPhysChem, 
volume  ={88}, 
pages   ={3669}, 
year    ="1984" }


@ARTICLE{CinacchiSchmid02, 
author  ="{G. Cinacchi and F. Schmid}", 
title   ="Density functional for anisotropic fluids", 
journal ={}#jPhysCondMatt, 
volume  ={14}, 
pages   ={12223}, 
year    ="2002" }



@ARTICLE{Stone,
author  ="{A.J. Stone}",
title	="{The description of bimolecular potentials, forces and torques : The S and V function
expansions}",
journal ={}#molPhys,
volume  ={36},
pages   ={241},
year    ="1978" }


@ARTICLE{HolystPoniewierski88,
author  ="{R. Holyst and A. Poniewierski}",
title	="{Director orientation at the nematic-phase isotropic-phase interface for the model of
hard spherocylinders}",
journal ={}#physRevA,
volume  ={35},
pages   ={1391},
year    ="1988" }

%===============================================================================
%			TECHNIQUES
%===============================================================================

@ARTICLE{MR2T2, 
author  ="{N. Metropolis, A.W. Rosenbluth, M.N. Rosenbluth, A.H. Teller and E. Teller}", 
title   ="Equation of state calculations by fast computing machines", 
journal ={}#jChemPhys, 
volume  ={21}, 
pages   ={1087}, 
year    ="1953" }

@ARTICLE{Wood68, 
author  ="{W.W. Wood}", 
title   ="{Monte Carlo calculations for Hard Disks in the isothermal-isobaric ensemble.}", 
journal ={}#jChemPhys, 
volume  ={48}, 
pages   ={415}, 
year    ="1968" }

@ARTICLE{BarkerWatts69, 
author  ="{J.A. Barker and R.O. Watts}", 
title   ="{Structure of water: a Monte Carlo calculation}", 
journal ={}#chemPhysLett, 
volume  ={3}, 
pages   ={144}, 
year    ="1969" }


@ARTICLE{verletForce, 
author  ="{L. Verlet}", 
title   ="{Computer experiments on classical fluids. I. Thermodynamical properties of
Lennard-Jones molecules.}", 
journal ={Physical Review}, 
volume  ={159}, 
pages   ={98-103}, 
year    ="1967" } 

@ARTICLE{leapFrog, 
author  ="{W.C. Swope and H.C. Andersen, }", 
title   ="A molecular dynamics method for calculating the solubility of gases in liquids and the
hydrophobic hydratation of inert gas atoms in aqueous solution", 
journal ={}#jPhysChem, 
volume  ={88}, 
pages   ={6548-56}, 
year    ="1984" } 

@ARTICLE{velocityVerlet, 
author  ="{W.C Swope et al.}", 
title   ="A computer simulation method for the calculation of equilibium constants for the
formation of physical clusters of molecules: application to small water clusters", 
journal ={}#jChemPhys, 
volume  ={76}, 
pages   ={637-649}, 
year    ="1982" }

@ARTICLE{AlderWainwright59, 
author  ="{B.J. Alder, T.E. Wainwright}", 
title   ="{Studies in Molecular dynamics, I. General Method}", 
journal ={}#jChemPhys, 
volume  ={31}, 
pages   ={459-466}, 
year    ="1959" }

@ARTICLE{AlderWainwright60, 
author  ="{B.J. Alder, T.E. Wainwright}", 
title   ="{Studies in Molecular dynamics, II. Behavior of a small number of elastic spheres}", 
journal ={}#jChemPhys, 
volume  ={33}, 
pages   ={1439-1451}, 
year    ="1960" }




%===============================================================================
%			HARD PARTICLES
%===============================================================================

%===============================
%	HER
%===============================

@ARTICLE{VieillardBaron72, 
author  ="{J. Vieillard-Baron}", 
title   ="Phase transitions of the classical hard-ellipse system", 
journal ={}#jChemPhys, 
volume  ={56}, 
pages   ={4729}, 
year    ="1972" }

@ARTICLE{PerramWertheim84, 
author  ="{J.W. Perram, M.S. Wertheim, J.L. Lebowitz and G.O. Williams}", 
title   ="{Monte Carlo simulation of hard spheroids}", 
journal ={}#chemPhysLett,
volume  ={105}, 
pages   ={277}, 
year    ="1984" }


@ARTICLE{PerramWertheim85, 
author  ="{J.W. Perram and M.S. Wertheim}", 
title   ="{Statistical mechanics of hard ellipsoids. I. Overlap algorithm and the contact
function}", 
journal ={}#jCompPhys, 
volume  ={58}, 
pages   ={409}, 
year    ="1985" }

@ARTICLE{FrenkelMulder81, 
author  ="{D. Frenkel, B.M. Mulder and J.P. Mc Tague}", 
title   ="Phase diagram of a system of hard ellipsoids", 
journal ={}#physRevLett, 
volume  ={52}, 
pages   ={287}, 
year    ="1981" }


@ARTICLE{FrenkelMulder85, 
author  ="{D. Frenkel and B.M. Mulder}", 
title   ="{The hard ellipsoid of revolution fluid I. Monte Carlo simulations}", 
journal ={}#molPhys, 
volume  ={55}, 
pages   ={1171}, 
year    ="1985" }

@ARTICLE{MulderFrenkel85, 
author  ="{B.M. Mulder and D. Frenkel}", 
title   ="{The hard ellipsoid of revolution fluid II. the y-expansion equation of state}", 
journal ={}#molPhys, 
volume  ={55}, 
pages   ={1193}, 
year    ="1985" }

@ARTICLE{Zarragoicoecha92, 
author  ="{G.J. Zarragoicoecha, G.J. Levesque and J.J. Weis}", 
title   ="{Monte Carlo study of dipolar ellipsoids. II. Search for an isotropic-nematic phase
transition}", 
journal ={}#molPhys, 
volume  ={75}, 
pages   ={989}, 
year    ="1992" }


@ARTICLE{AllenMason86, 
author  ="{M.P. Allen and C.P. Mason}", 
title   ="Stability of the nematic phase for the hard ellipsoid fluid", 
journal ={}#molPhys, 
volume  ={86}, 
pages   ={467}, 
year    ="1986" }


@ARTICLE{CampMason96, 
author  ="{P.J. Camp, C.P. Mason and M.P. Allen}", 
title   ="{The isotropic-nematic phase transition in uniaxial hard ellipsoid fluids~: coexistence
data and the approach to the Onsager limit}", 
journal ={}#jChemPhys, 
volume  ={105}, 
pages   ={2837}, 
year    ="1996" }

@ARTICLE{CampAllen97, 
author  ="{P.J. Camp and M.P. Allen}", 
title   ="Phase diagram of the hard biaxial ellipsoid fluid", 
journal ={}#jChemPhys, 
volume  ={106}, 
pages   ={6681}, 
year    ="1997" }

@ARTICLE{Allen90, 
author  ="{M.P. Allen}", 
title   ="Computer simulation of a biaxial liquid crystal", 
journal ={}#liqCryst, 
volume  ={8},
pages   ={499}, 
year    ="1990" }


%===============================
%	HSC
%===============================

@ARTICLE{VieillardBaron74, 
author  ="{J. Vieillard-Baron}", 
title   ="The equation of state of a system of hard spherocylinders", 
journal ={}#molPhys, 
volume  ={28},
pages   ={809}, 
year    ="1974" }

@ARTICLE{Frenkel87, 
author  ="{D. Frenkel}", 
title   ="Computer simulation of hard-core models for liquid crystals", 
journal ={}#molPhys, 
volume  ={60},
pages   ={1}, 
year    ="1987" }

@ARTICLE{Frenkel87a, 
author  ="{D. Frenkel}", 
title   ="Onsager's spherocylinder revisited", 
journal ={}#jPhysChem, 
volume  ={91},
pages   ={4912}, 
year    ="1987" }

@ARTICLE{VeermanFrenkel96, 
author  ="{J.A.C Veerman and D. Frenkel}", 
title   ="{Phase diagram of a system of hard spherocylinders by computer simulation}", 
journal ={}#physRevA, 
volume  ={41},
pages   ={3237}, 
year    ="1996" }

@ARTICLE{McGrotherWilliamson96, 
author  ="{S.C. McGrother, D.C. Williamson and G. Jackson}", 
title   ="A re-examination of the phase diagram of hard spherocylinders", 
journal ={}#jChemPhys, 
volume  ={104},
pages   ={6755}, 
year    ="1996" }

@ARTICLE{BolhuisFrenkel97, 
author  ="{P. Bolhuis and D. Frenkel}", 
title   ="Tracing the phase boundaries of hard spherocylinders", 
journal ={}#jChemPhys, 
volume  ={106},
pages   ={666}, 
year    ="197" }

%===============================
%	DISCS
%===============================

@ARTICLE{VeermanFrenkel92, 
author  ="{J.A.C. Veerman and D. Frenkel}", 
title   ="Phase behavior of disklike hard-core mesogens", 
journal ={}#physRevA, 
volume  ={45},
pages   ={5632}, 
year    ="1992" }

@ARTICLE{BatesFrenkel98, 
author  ="{M.A. Bates and D. Frenkel}", 
title   ="Infinitely thin disks exhibit a first order nematic-columnar phase transition", 
journal ={}#physRevE, 
volume  ={57},
pages   ={4824}, 
year    ="1998" }

@ARTICLE{EppengaFrenkel84,
author    ="{R. Eppenga and D. Frenkel}",
title ="Monte Carlo study of the isotropic and nematic phases of infinitely thin hard platelets", 
journal ={}#molPhys, 
volume    ={52}, 
pages ={1303}, 
year  ="1984" } 


%===============================================================================
%			GAY-BERNE MODEL
%===============================================================================

@ARTICLE{BernePechukas72, 
author  ="{B.J. Berne and P. Pechukas}", 
title   ="Gaussian model potentials for molecular interactions", 
journal =""#jChemPhys, 
volume  ={56}, 
pages   ={4213-4216}, 
year    ="1972" } 

@ARTICLE{GayBerne81, 
author  ="{J.G. Gay and B.J. Berne}", 
title   ="Modification of the overlap potential to mimic a linear site-site potential", 
journal =""#jChemPhys, 
volume  ={74}, 
pages   ={3316}, 
year    ="1981" } 

@ARTICLE{AdamLuckhurst87, 
author  ="{D.J. Adam, G.R. Luckhurst and R.W. Phippen}", 
title   ="{Computer simulation studies of anisotropic systems. XVII The Gay-Berne model
nematogen}", 
journal =""#molPhys, 
volume  ={61}, 
pages   ={1575}, 
year    ="1987" } 

@ARTICLE{LuckhurstStephens90, 
author  ="{G.R. Luckhurst, R.A. Stephens and R.W. Phippen}", 
title   ="{Computer simulation studies of anisotropic systems. XIX Mesophases formed by the
Gay-Berne model mesogen.}", 
journal =""#liqCryst, 
volume  ={8}, 
pages   ={451}, 
year    ="1990" } 

@ARTICLE{ChalamGubbins91, 
author  ="{M.J. Chalam, K.E. Gubbins, E. de Miguel and L.F. Rull}", 
title   ="A molecular simulation of a liquid crystal model : bulk and confined fluid", 
journal ="Molecular Simulation", 
volume  ={7}, 
pages   ={357}, 
year    ="1991" } 

@ARTICLE{deMiguelRull91, 
author  ="{E. de Miguel, L.F. Rull, M.J. Chalam and K.E. Gubbins}", 
title   ="{Location of the isotropic-nematic transition in the Gay-Berne model.}", 
journal =""#molPhys, 
volume  ={72}, 
pages   ={593}, 
year    ="1991" }

@ARTICLE{deMiguelRull91a, 
author  ="{E. de Miguel, L.F. Rull, M.J. Chalam and K.E. Gubbins}", 
title   ="{Liquid crystal phase diagram of the Gay-Berne fluid}", 
journal =""#molPhys, 
volume  ={74}, 
pages   ={405}, 
year    ="1991" }

@ARTICLE{BerardiEmerson93,
author  ="{R. Berardi, A.P.J. Emerson and C. Zannoni}", 
title   ="{Monte Carlo investigations of a Gay-Berne liquid crystal}", 
journal ="Journal of the Chemical Society-Faraday Transactions", 
volume  ={89}, 
pages   ={4069}, 
year    ="1993" }


@ARTICLE{LuckhurstSimmonds93,
author  ="{G.R. Luckhurst and P.S.J. Simmonds}", 
title   ="{Computer simulation studies of anisotropic systems. XXI. Parametrization of the
Gay-Berne potential for model mesogens.}", 
journal =""#molPhys, 
volume  ={80}, 
pages   ={233}, 
year    ="1993" }

@ARTICLE{AllenWarren96,
author  ="{M.P. Allen, M.A. Warren, M.R. Wilson, A. Sauron and W. Smith}", 
title   ="Molecular dynamics calculation of elastic constants in Gay-Berne nematic liquid
crystals", 
journal =""#jChemPhys, 
volume  ={105}, 
pages   ={2850}, 
year    ="1996" }

@ARTICLE{deMiguelDelRio96, 
author  ="{E. de Miguel, E. Mart\'{\i}n del Rio, J.T. Brown and M.P. Allen}", 
title   ="{Effects of the attractive interactions on the phase behavior of the Gay-Berne liquid
crystal model}", 
journal =""#jchemPhys, 
volume  ={105}, 
pages   ={1}, 
year    ="1996" }

@ARTICLE{BrownAllen98, 
author  ="{J.T. Brown, M.P. Allen, E. Mart\'{\i}n del Rio and E. de Miguel}", 
title   ="{Effects of elongation on the phase behavior of the Gay-Berne fluid}", 
journal =""#physRevE, 
volume  ={57}, 
pages   ={6685}, 
year    ="1998" }

@ARTICLE{BatesLuckhurst99,
author  ="{M.A. Bates and G.R. Luckhurst}", 
title   ="{Computer simulation studies of anisotropic systems. XXX. The phase behavior and
structure of a Gay-Berne mesogen}", 
journal =""#jChemPhys, 
volume  ={110}, 
pages   ={7087}, 
year    ="1999" }

@ARTICLE{CleaverCare96, 
author  ="{D.J. Cleaver, C.M. Care, M.P. Allen and M. Neal}", 
title   ="{Extension and generalization of the Gay-Berne potential}", 
journal ={}#physRevE, 
volume  ={54}, 
pages   ={559-567}, 
year    ="1996" }

@ARTICLE{BerardiFava98, 
author  ="{R. Berardi, C. Fava and C. Zannoni}", 
title   ="{A Gay-Berne potential for dissimilar biaxial particles}", 
journal ={}#chemPhysLett, 
volume  ={297}, 
pages   ={8}, 
year    ="1998" }

@ARTICLE{BerardiZannoni00, 
author  ="{R. Berardi and C. Zannoni}", 
title   ="{Do thermotropic biaxial nematics exist ? A Monte Carlo study of biaxial Gay-Berne
particles}", 
journal ={}#jChemPhys, 
volume  ={113}, 
pages   ={5971}, 
year    ="2000" }

@ARTICLE{Zannoni02, 
author  ="{C. Zannoni}", 
title   ="Molecular design and computer simulations of novel mesophases", 
journal =""#jMatChem, 
volume  ={11}, 
pages   ={2637}, 
year    ="2002" }


@ARTICLE{DeMiguel92, 
author  ="{E. de Miguel}", 
title	="{System size effects at the isotropic-nematic transition from computer simulations}",
journal =""#physRevE, 
volume  ={47}, 
pages   ={3334}, 
year    ="1992"         } 


@ARTICLE{HoussaRull98, 
author  ="{M. Houssa, L.F. Rull and S.C. Mc Grother}", 
title	="{Effect of dipolar interactions on the phase behavior of the Gay-Berne liquid crystal
model}",
journal =""#jChemPhys, 
volume  ={109}, 
pages   ={9529}, 
year    ="1998"         } 

@ARTICLE{HoussaMcGrother99, 
author  ="{M. Houssa, S.C. Mc Grother and L.F. Rull}", 
title	="{Computer simulations of dipolar liquid crystal phases}",
journal ="Computer Physics Communications", 
volume  ={122}, 
pages   ={259}, 
year    ="1999"         } 



@UNPUBLISHED{Withers, 
author  ="{I.M. Withers}", 
title   ="{Effects of longitudinal quadrupoles on the phase behaviour of the Gay-Berne fluid}", 
year    ="2002" }


@ARTICLE{BerardiOrlandi03, 
author  ="{R. Berardi, S. Orlandi and C. Zannoni}", 
title   ="{Molecular dipoles and tilted smectic formation. A Monte Carlo simulation study}", 
journal =""#physRevE, 
volume  ={67}, 
pages   ={041708}, 
year    ="2003" }

%===============================================================================
%			HARD GAUSSIAN OVERLAP
%===============================================================================

@ARTICLE{BhethanabotlaSteele87,
author    ="{V.R. Bhethanabotla and W. Steele}",
title ="A comparison of hard-body models for axially-symmetric molecules", 
journal ={}#molPhys, 
volume    ={60}, 
pages ={249}, 
year  ="1987" }

@ARTICLE{Rigby89,
author    ="{M. Rigby}",
title ="Hard gaussian overlap fluids", 
journal ={}#molPhys, 
volume    ={68}, 
pages ={687}, 
year  ="1989" } 


@ARTICLE{Rigby70,
author    ="{M. Rigby}",
title ="Virial expansion for hard nonspherical molecules", 
journal ={}#jChemPhys, 
volume    ={53}, 
pages ={1021}, 
year  ="1970" } 

@ARTICLE{BoublikPena90,
author    ="{T. Boubl\'{\i}k and M. D\'{\i}az pen\~a}",
title ="The equation of state of hard gaussian-overlap fluids", 
journal ={}#molPhys, 
volume    ={70}, 
pages ={1115}, 
year  ="1990" } 

@ARTICLE{MaesoSolana93,
author = "{M.J. Maeso and J.R. Solana}",
title  = "An accurate equation of state for hard gaussian overlap fluids from a generalized
Carnahan-Starling method", 
journal ={}#molPhys, 
volume    ={79}, 
pages ={449}, 
year  ="1993" } 

@ARTICLE{PadillaVelasco97, 
author  ="{P. Padilla and E. Velasco}",
title	="The isotropic-nematic transition for the hard gaussian overlap fluid : testing the
decoupling approximation",
journal =""#jChemPhys, 
volume  ={106}, 
pages   ={10299}, 
year    ="1997"         } 


@ARTICLE{DeMiguelDelRio01, 
author  ="{E. de Miguel, E. Mart\'{\i}n del R\'{\i}o}", 
title	="{The isotropic-nematic transition in hard gaussian overlap fluids}",
journal =""#JChemPhys, 
volume  ={115}, 
pages   ={9072-9082}, 
year    ="2001"         } 

@ARTICLE{DeMiguelDelRio03, 
author  ="{E. de Miguel, E. Mart\'{\i}n del R\'{\i}o}", 
title	="{Equation of state for hard gaussian overlap fluids}",
journal =""#JChemPhys, 
volume  ={118}, 
pages   ={1852}, 
year    ="2003"         } 



%===============================================================================
%			CONFINED SYSTEMS
%===============================================================================

%=======================
%	EXPERIMENTAL
%=======================

@ARTICLE{Jerome93,
author    ="{B. Jerome J. O'Brien, Y. Ouchi, C. Stanners and Y.R. Shen}",
title ="{Bulk reorientation driven by orientational transition in a liquid crystal monolayer}", 
journal ={}#physRevLett, 
volume  ={71},
pages ={758}, 
year  ="1993" } 

@ARTICLE{ZhuangMarucci94,
author    ="{X. Zhuang, L. Marucci and Y.R. Shen}",
title ="{Surface-monolayer-induced bulk alignment of liquid crystals}", 
journal ={}#physRevLett, 
volume  ={73},
pages ={1513}, 
year  ="1994" } 


%=======================
%	THEORETICAL
%=======================

@ARTICLE{TjiptoMargoSullivan88,
author    ="{B. Tjipto-Margo and D.E. Sullivan}",
title ="{Molecular interactions and interface properties of nematic liquid crystals}", 
journal ={}#jChemPhys, 
volume    ={88}, 
pages ={6620}, 
year  ="1988" } 

@ARTICLE{TeixeiraSluckin92,
author    ="{P.I.C. Teixeira and T.J. Sluckin}",
title ="{Microscopic theory of anchoring transitions at the surfaces of pure liquid crystals and
their mixtures. I. The Fowler approximation}", 
journal ={}#jChemPhys, 
volume    ={97}, 
pages ={1498}, 
year  ="1992" } 

@ARTICLE{TeixeiraSluckin92a,
author    ="{P.I.C. Teixeira and T.J. Sluckin}",
title ="{Microscopic theory of anchoring transitions at the surfaces of pure liquid crystals and
their mixtures. II. The effect of surface adsoption}", 
journal ={}#jChemPhys, 
volume    ={97}, 
pages ={1510}, 
year  ="1992" } 

@ARTICLE{OsipovHess93,
author    ="{M.A. Osipov and S. Hess}",
title ="Density functional approach to the theory of interfacial properties of nematic liquid
crystals", 
journal ={}#jChemPhys, 
volume    ={99}, 
pages ={4181}, 
year  ="1993" } 

@ARTICLE{DelRioTeloDaGamma95,
author    ="{E. Mart\'{\i}n del Rio, M.M Telo da Gama and E. de Miguel}",
title ="Surface-induced alignment at model nematic interfaces", 
journal ={}#physRevE, 
volume    ={52}, 
pages ={5028}, 
year  ="1995" } 

@ARTICLE{Teixeira97,
author    ="{P.I.C Teixeira}",
title ="Structure of a nematic liquid crystal between aligning walls", 
journal ={}#physRevE, 
volume    ={55}, 
pages ={2876}, 
year  ="1997" } 

%=======================
%	SIMULATIONS
%=======================

@UNPUBLISHED{ZhouChen03, 
author  ="{X. Zhou, H. Chen and M. Iwamoto}", 
title   ="Orientational orders of small anisotropic molecules confined in slit pores.", 
year    ="2003" }

@ARTICLE{Schoen96,
author    ="{M. Schoen}",
title ="On the uniqueness of stratification-induced structural tranformations in confined films", 
journal ={Ber. Bunsenges. Phys. Chem.}, 
volume  ={100}, 
pages ={1355}, 
year  ="1996" } 

@ARTICLE{schoen96a, 
author  ="{M. Schoen}", 
title   ="The impact of discrete wall structure on stratification-induced structural
 phase transitions in  confined films", 
journal ={}#jChemPhys, 
volume  ={105}, 
pages   ={2910-2918}, 
year    ="1996" } 

@ARTICLE{TeloDaGammaTarazona90,
author    ="{M.M. Telo da Gama, P. Tarazona, M.P. Allen and R. Evans}",
title ="The effect of confinement on the isotropic-nematic transition", 
journal ={}#molPhys, 
volume    ={71}, 
pages ={801}, 
year  ="1990" } 

@ARTICLE{CleaverAllen93,
author    ="{D.J. Cleaver and M.P. Allen}",
title ="Computer simulation of liquid crystal films", 
journal ={}#molPhys, 
volume    ={80}, 
pages ={253}, 
year  ="1993" } 

@ARTICLE{ZhangChakrabarti96,
author    ="{Z. Zhang, A. Chakrabarti, O.G. Mouristen and M.J. Zuckermann}",
title ="Substrate-induced bulk alignment of liquid crystals", 
journal ={}#physRevE, 
volume    ={53}, 
pages ={2461}, 
year  ="1996" } 

@ARTICLE{WallCleaver97, 
author  ="{G.D. Wall and D.J. Cleaver}", 
title   ="Computer simulation studies of confined liquid-crystal films", 
journal =""#physRevE, 
volume  ={56}, 
pages   ={4306-4316}, 
year    ="1997"         } 

@ARTICLE{TeixeiraChrzanowska01, 
author  ="{P.I.C Teixeira, A. Chrzanowska, G.D. Wall and D.J. Cleaver}", 
title   ="{Density functional theory of a Gay-Berne film between aligning walls}", 
journal =""#molPhys, 
volume  ={99}, 
pages   ={889}, 
year    ="2001"         } 

@ARTICLE{WallCleaver03, 
author  ="{G.D. Wall and D.J. Cleaver}", 
title   ="{Computer simulations of adsorbed liquid crystal films}", 
journal =""#molPhys, 
volume  ={101}, 
pages   ={1105}, 
year    ="2003"         } 

@ARTICLE{LathamCleaver00, 
author  ="{R. Latham and D.J. Cleaver}", 
title   ="Substrate-induced demixing in a confined liquid crystal film", 
journal =""#chemPhysLett, 
volume  ={330}, 
pages   ={7-14}, 
year    ="2000"         }  

@ARTICLE{GruhnSchoen97,
author    ="{T. Gruhn and M. Schoen}",
title ="Microscopic structure of molecularly thin confined liquid-crystal films", 
journal ={}#physRevE, 
volume  ={55}, 
pages ={2861}, 
year  ="1997" } 


@ARTICLE{GruhnSchoen98,
author    ="{T. Gruhn and M. Schoen}",
title ="{Grand canonical Monte Carlo simulations of confined `nematic' Gay-Berne films}", 
journal ={Thin Solid Films}, 
volume    ={330}, 
pages ={46}, 
year  ="1998" } 

@ARTICLE{GruhnSchoen98a,
author    ="{T. Gruhn and M. Schoen}",
title ="{A grand canonical ensemble Monte Carlo study of confined planar and homeotropically
anchored Gay-Berne films}", 
journal ={}#molPhys, 
volume    ={93}, 
pages ={681}, 
year  ="1998" } 


@ARTICLE{PalermoBiscarini98,
author    ="{V. Palermo, F. Biscarini and C. Zannoni}",
title ="Abrupt orientational changes for liquid crystals adsorbed on a graphite surface", 
journal ={}#physRevE, 
volume    ={57}, 
pages ={R2519}, 
year  ="1998" } 


@ARTICLE{Allen99,
author    ="{M.P. Allen}",
title ="Molecular simulation and theory of liquid crystal surface anchoring", 
journal ={}#molPhys, 
volume    ={96}, 
pages ={1391}, 
year  ="1999" } 

@ARTICLE{VanRoijDijkstra00,
author    ="{R. van Roij, M. Dijkstra and R. Evans}",
title ="Orientational wetting and capillary nematization of hard-rod fluids", 
journal ={Europhysics Letters}, 
volume    ={49}, 
pages ={350}, 
year  ="2000" } 

@ARTICLE{VanRoijDijkstra00a,
author    ="{R. van Roij, M. Dijkstra and R. Evans}",
title ="{Interfaces, wetting and capillary nematization of a hard-rod fluid: Theory for the
Zwanzig model}", 
journal ={}#jChemPhys, 
volume    ={117}, 
pages ={7689}, 
year  ="2000" } 

@ARTICLE{DijkstraVanRoij01,
author    ="{M. Dijkstra, R. van Roij and R. Evans}",
title ="Wetting and capillary nematization of a hard-rod fluids~: a simulation study", 
journal ={}#physRevE, 
volume    ={63}, 
pages ={051703-1}, 
year  ="2001" } 

@ARTICLE{Chrzanowska_Teixera_01, 
author  ="{A. Chrzanowska, P.I.C. Teixeira, H. Ehrentraut and D.J. Cleaver}", 
title   ="Ordering of hard particles between hard walls", 
journal ={Journal of Physics : Condensed Matter}, 
volume  ={13}, 
pages   ={1-13}, 
year    ="2001"         } 
 
@ARTICLE{Cleaver_Teixeira_01, 
author  ="{D.J. Cleaver and P.I.C Teixeira}", 
title   ="Discontinuous structural transition in a thin hybrid liquid crystal 
film", 
journal =""#chemPhysLett, 
volume  ={338}, 
pages   ={1-6}, 
year    ="2001"         } 

@ARTICLE{VandenbrouckValignat99,
author    ="{F. Vandenbrouck, M.P. Valignat and A.M. Cazabat}",
title ="{Thin nematic films: metastability and spinodal dewetting}", 
journal ={}#physRevLett, 
volume    ={82}, 
pages ={2693}, 
year  ="1999" }

@ARTICLE{SarlahZummer99,
author    ="{A. \v{S}arlah and S. \v{Z}ummer}",
title ="Equilibrium structures and pretransitional fluctuations in a very thin hybrid nematic
film", 
journal ={}#physRevE, 
volume    ={60}, 
pages ={1821}, 
year  ="1999" }


%==================================
%	SIMULATIONS REALSITIC
%==================================

@ARTICLE{CleaverTildesley94,
author    ="{D.J. Cleaver and D.J. Tildesley}",
title ="{Computer modelling of the structure of 4-n-octyl-4'-cyanobiphenyl adsorbed on graphite}", 
journal ={}#molPhys, 
volume    ={81}, 
pages ={781}, 
year  ="1994" } 

@ARTICLE{YoneyaIwakabe95,
author    ="{M. Yoneya and Y. Iwakabe}",
title ="{Molecular dynamics simulations of liquid crystal molecules adsorbed on graphite}", 
journal ={}#liqCryst, 
volume    ={18}, 
pages ={45}, 
year  ="1995" } 

@ARTICLE{CleaverCallaway95,
author    ="{D.J. Cleaver, M.J. Callaway, T. Forester, W. Smith and D.J. Tildesley}",
title ="{Computer modelling of the 4-n-alkyl-4'-cyanobiphenyls adsorbed on graphite: energy
minimizations and molecular dynamics of periodic systems}", 
journal ={}#molPhys, 
volume    ={86}, 
pages ={613}, 
year  ="1995" } 

@ARTICLE{BingerHanna99,
author    ="{D.R. Binger and S. Hanna}",
title ="{Computer simulation of interactions between liquid crystal molecules and polymer
surfaces. I. Alignment of nematic and smectic A phases}", 
journal ={}#liqCryst, 
volume    ={26}, 
pages ={1205}, 
year  ="1999" } 

@ARTICLE{BingerHanna00,
author    ="{D.R. Binger and S. Hanna}",
title ="{Computer simulation of interactions between liquid crystal molecules and polymer
surfaces. II. Alignment od smectic C forming mesogens}", 
journal ={}#liqCryst, 
volume    ={27}, 
pages ={89}, 
year  ="2000" } 

@ARTICLE{BingerHanna01,
author    ="{D.R. Binger and S. Hanna}",
title ="{Computer simulation of interactions between liquid crystal molecules and polymer
surfaces. III. use of pseudopotentials to represent the surface}", 
journal ={}#liqCryst, 
volume    ={28}, 
pages ={1215}, 
year  ="2001" } 


%===============================================================================
%			ANCHORING TRANSITIONS
%===============================================================================

%=======================
%	EXPERIMENTAL
%=======================


@ARTICLE{PatelYokoyama93,
author    ="{J.S. Patel and H. Yokoyama}",
title ="Continuous anchoring transition in liquid crystals", 
journal ={Nature}, 
volume    ={362}, 
pages ={525}, 
year  ="1993" } 

@ARTICLE{JagemalmKomitov1997,
author    ="{P. Jagemalm and L. Komitov}",
title ="Temperature induced anchoring transition in nematic liquid crystals with two-fold
degenerate alignment", 
journal ={}#liqCryst, 
volume    ={23}, 
pages ={1}, 
year  ="1997" } 

@ARTICLE{ZhuLu94,
author    ="{Y-M Zhu, Z-H. Lu, X.B Jia, Q.H. Wei, D. Xiao, Y. Wei, Z.H. Wu, Z.L. Hu and M.G. Xie}",
title ="Anchoring transition of liquid crystals on crown ether monolayers", 
journal ={}#physRevLett, 
volume    ={72}, 
pages ={2573}, 
year  ="1994" } 

@ARTICLE{ZhuWei94,
author    ="{Y-M. Zhu and Y. Wei}",
title ="{Conformation change-driven anchoring transition of liquid crystals on crown ether liquid
crystals Langmuir-Blodgett films}", 
journal ={}#jChemPhys, 
volume    ={101}, 
pages ={10023}, 
year  ="1994" } 

@ARTICLE{BarberoPopaNita00,
author    ="{G. Barbero and V. Popa-Nita}",
title ="Model for the planar-homeotropic anchoring transition induced by trans-cis isomerisation", 
journal ={}#physRevE, 
volume    ={61}, 
pages ={6696}, 
year  ="2000" } 

@ARTICLE{AlkhairallaAllison99,
author    ="{B. Alkhairalla \emph{et al.}}",
title ="Anchoring and orientational wetting of nematic liquid crystals on self-assembled
monolayer substrates~: an evanescent wave ellipsometric study.", 
journal ={}#physRevE, 
volume    ={59}, 
pages ={3033}, 
year  ="1999" } 

@ARTICLE{StoenescuMartinotLagarde99,
author    ="{D.N. Stonescu, P. Martinot-Lagarde and I. Dozov}",
title ="Anchoring transition dominated by surface memory effect", 
journal ={}#molCrystLiqCryst, 
volume    ={329}, 
pages ={339}, 
year  ="1999" }

@ARTICLE{AlkhairallaBoden02,
author    ="{B. Alkhairalla \emph{et al.}}",
title ="Anchoring and orientational wetting of nematic liquid crystals on semi-fluorinated
self-assembled monolayer surfaces", 
journal ={Europhysics Letters}, 
volume    ={59}, 
pages ={410}, 
year  ="2002" }




%=======================
%	THEORIES
%=======================
@ARTICLE{Sluckin95,
author    ="{T.J. Sluckin}",
title ="Anchoring transitions at liquid crystal surfaces", 
journal ={Physica A}, 
volume    ={213}, 
pages ={105}, 
year  ="1995" }

@ARTICLE{TeixeiraSluckin93,
author    ="{P.I.C Teixeira, T.J. Sluckin and D.E. Sullivan}",
title ="Landau-de Gennes theory of anchoring transition at a nematic liquid crystal-substrate
interface", 
journal ={}#liqCryst, 
volume  ={14}, 
pages ={1243}, 
year  ="1993" }

@ARTICLE{RodriguezPonceRomeroEnrique01,
author    ="{I. Rodr\'{\i}guez-Ponce, J.M. Romero-Enrique and L.F. Rull}",
title ="Orientational transitions in a nematic liquid crystal confined by competing surfaces", 
journal ={}#physRevE, 
volume    ={64}, 
pages ={051704-1}, 
year  ="2001" }

@ARTICLE{ZhengQianSheng96,
author    ="{T. Zheng Qian and P. Sheng}",
title ="Liquid-Crystal phase transitions induced by microtextured substrates", 
journal ={}#physRevLett, 
volume    ={77}, 
pages ={4564}, 
year  ="1996" }

@ARTICLE{ZhengQianSheng97,
author    ="{T. Zheng Qian and P. Sheng}",
title ="Orientational states and phase transitions induced by microtextured substrates", 
journal ={}#physRevE, 
volume    ={55}, 
pages ={7111}, 
year  ="1997" }



%=======================
%	SIMULATIONS
%=======================

@ARTICLE{LangeSchmid02,
author    ="{H. Lange and F. Schmid}",
title ="Surface anchoring on layers of grafted liquid-crystalline chain molecules~: a computer
simulation", 
journal ={}#jChemPhys, 
volume  ={111}, 
pages ={362}, 
year  ="2002" }

@ARTICLE{LangeSchmid02a,
author    ="{H. Lange and F. Schmid}",
title ="An anchoring transition at surfaces with grafted liquid-crystalline chain molecules", 
journal ={European Physical Journal E}, 
volume  ={7}, 
pages ={175}, 
year  ="2002" }

@ARTICLE{LangeSchmid02c,
author    ="{H. Lange and F. Schmid}",
title ="Surface anchoring on liquid crystalline polymer brushes", 
journal ={Computer physics communications}, 
volume  ={147}, 
pages ={276}, 
year  ="2002" }

%===============================================================================
%			CONFINED ATOMS
%===============================================================================
@ARTICLE{schoen_diestler94, 
author  ="M. Schoen, D.J. Diestler and J.H Cushman", 
title   ="Stratification-induced order-disorder phase transitions in molecularly thin confined films", 
journal =""#jChemPhys, 
volume  ={101}, 
pages   ={6865-6873}, 
year    ="1994"         } 




%===============================================================================
%			LINEAR SPHERE CHAINS
%===============================================================================
@ARTICLE{WilliamsonJackson98,
author  ="{D.C. Williamson, G. Jackson}", 
title	="Liquid crystalline phase behaviour in systems of hard-sphere chains",
journal ={}#JChemPhys,
volume  ={108}, 
pages   ={10294}, 
year    ="1998"         } 
 
 
%===============================================================================
%			PEAR SHAPED
%=============================================================================== 

@ARTICLE{NealParker97, 
author  ="{M.P. Neal, A.J. Parker and C.M. Care}", 
title   ="A molecular dynamics study of a steric multipole model of liquid crystal molecular
geometry", 
journal =""#molPhys, 
volume  ={91}, 
pages   ={603}, 
year    ="1997" }


@ARTICLE{StelzerBerardi99, 
author  ="{J. Stelzer, R. Berardi and C. Zannoni}", 
title   ="Flexoelectric effects in liquid crystals formed by pear-shaped 
molecules. A computer simulation study", 
journal =""#chemPhysLett, 
volume  ={299}, 
pages   ={9-16}, 
year    ="1999"         } 


@ARTICLE{BilleterPelcovits00, 
author  ="{J.L. Billeter  and R.A. Pelcovits}", 
title   ="Molecular shape and flexoelectricity", 
journal =""#liqCryst, 
volume  ={27}, 
pages   ={1151-1160}, 
year    ="2000"         } 


@ARTICLE{Zewdie98a, 
author  ="{H. Zewdie}", 
title   ="{Computer simulations of diskotic liquid crystals}", 
journal ={}#physRevE, 
volume  ={57},
pages   ={1793}, 
year    ="1998" 
}

@ARTICLE{Zewdie98b, 
author  ="{H. Zewdie}", 
title   ="{Computer simulation studies of liquid crystals : a new Corner potential for
cylindrically symmetric particles.}", 
journal ={}#jChemPhys, 
volume  ={108},  
pages   ={2117}, 
year    ="1998" 
} 

 

@ARTICLE{BerardiRicci01, 
author  ="{R. Berardi, M. Ricci and C. Zannoni}", 
title   ="Ferroelectric nematic and smectic liquid crystals from tapered Molecules", 
journal ={ChemPhysChem}, 
volume  ={7},  
pages   ={443}, 
year    ="2001" 
} 

@ARTICLE{BarmesRicci03, 
author  ="{F. Barmes, M. Ricci, C. Zannoni and D.J. Cleaver }", 
title   ="Computer simulations of pear shaped particles", 
journal =""#physRevE, 
volume  ={in the press}, 
pages   ={ }, 
year    ="2003"         }  
 
 
%===============================================================================
%			PHYSICS REPORTS
%===============================================================================
 
@ARTICLE{Jerome91, 
author  ="{B. J\'erome}", 
title   ="Surface effects and anchoring in liquid crystals", 
journal ={Physics reports}, 
volume  ={54}, 
pages   ={391-451}, 
year    =1991           } 



