
%==========================================
%	LIQUID CRYSTALS
%==========================================

@BOOK{greenBook,
AUTHOR = "{G.R. Luckhurst and G.W. Gray}",
TITLE = "The molecular physics of liquid crystals",
PUBLISHER = {Academic press},
YEAR = {1979},
}


@BOOK{deGennes,
AUTHOR = "{P.G. de Gennes}",
TITLE = "The Physics of Liquid Crystals, 2nd ed.",
PUBLISHER = {Clarendon press},
YEAR = {1993},
}


@BOOK{AandT,
AUTHOR = "{M.P. Allen and D.J. Tildesley}",
TITLE = "Computer simulation of liquids",
PUBLISHER = {Oxford Science Publications},
YEAR = {1989},
ADDRESS = {Oxford University Press, Walton Street, Oxford OX2 6DP}
}


@BOOK{introSoftMatter,
author = "{I. W. Hamley}",
title = "Introduction to Soft Matter",
publisher = "Wiley",
year = "2000"
}


@BOOK{structMatter,
author="{A. Guinier }",
title="The Structure of Matter",
publisher = {Edward Arnold Ltd},
year = "1984"
}


@BOOK{LiquidCrystals,
title = "{Liquid Crystals}",
author = "{S. Chandrasekhar}",
publisher = "Cambridge University Press",
year = "1992"
}


@BOOK{Intro_LC,
AUTHOR = "{P.J. Collings and M. Hird}",
TITLE = "Introduction to Liquid crystals, Chemistry and Physics",
PUBLISHER = {Taylor and Francis},
YEAR = {1997}
}

@BOOK{Nature_phase,
author = "{P.J. Collings}",
title = "Nature's delicate phase of Matter",
publisher = {IOP publishing},
YEAR = {1990}
}


@INCOLLECTION{AdvCpuSimsLiqCryst2,
author = "{C. Zannoni}",
chapter = "2",
title = "Liquid Crystal observables : static and dynamic properties",
booktitle = "Advances in the computer simulations of liquid crystals",
editor = "{P. Pasini and C. Zannoni}",
publisher = "{Kluwer Academic}",
pages = "17",
year = {2000}

}

%==========================================
%	OTHERS
%==========================================


@PHDTHESIS{rwThesis,
author 	= {R.E. Webster},
month 	= {November},
year	= {2001},
school	= {Sheffield Hallam University},
title 	= {Computer simulation of confined liquid crystal dynamics},
}


@BOOK{NumericalRecipes,
author = "{W.H. Press et al.}",
title = "Numerical recipes in C, the art of scientific computing",
publisher = {Cambridge University Press},
YEAR = {1990}
}


@BOOK{physicsDictionary,
title="{Macmillian encyclopedia of physics}",
author= "{J.S. Rigden}",
publisher= {Macmillian},
year = {1996}

}


@BOOK{theorySimpleLiquids,
AUTHOR = "{J.P. Hansen and I.R. Mc Donald}",
TITLE = "Theory of simple liquids",
PUBLISHER = {Academic press},
YEAR = {1986}
}

@BOOK{MCMethods,
AUTHOR = "{J.M. Hammersley and D.C. Handscomb}",
TITLE = "Monte Carlo methods",
PUBLISHER = {Wiley},
YEAR = {1964}
}


@BOOK{introStochaProcess,
AUTHOR = "{G.F. Lawer}",
TITLE = "Introduction to stochastic processes",
PUBLISHER = {Chapman and Hall},
YEAR = {1995}
}
